@proceedings{thermal2008,
  added-at = {2013-12-01T14:38:06.000+0100},
  address = {Materials Park, Ohio},
  author = {International Thermal Spray Conference, Marple and Basil R., ASM International and Thermal Spray Society., Deutscher Verband für Schweisstechnik},
  biburl = {http://www.bibsonomy.org/bibtex/2a6eaefbdfcef95f2c6cc94db4efd759a/benjamin.ternes},
  interhash = {a3afcd9d3d22dcd2d474b293a45ec76f},
  intrahash = {a6eaefbdfcef95f2c6cc94db4efd759a},
  keywords = {Beschichtungsverfahren Werkstoffe},
  publisher = {ASM International},
  timestamp = {2013-12-01T14:38:06.000+0100},
  title = {Thermal spray 2008},
  year = 2008
}

@mastersthesis{elstner1963rntgenographische,
  added-at = {2013-12-01T14:33:25.000+0100},
  author = {Elstner, Frank},
  biburl = {http://www.bibsonomy.org/bibtex/2922510255c7c73a217d872a9dbcc162a/benjamin.ternes},
  interhash = {1ada38a1da4a621571964928b1a8a7ee},
  intrahash = {922510255c7c73a217d872a9dbcc162a},
  keywords = {Beschichtungsverfahren Werkstoffe},
  school = {Technische Universität Chemnitz-Zwickau},
  timestamp = {2013-12-01T14:33:25.000+0100},
  title = {Röntgenographische Strukturuntersuchungen an mittels PVD-Verfahren hergestellten Hartstoffschichten},
  type = {Dissertation},
  year = 1963
}

@proceedings{kloos1983verschlei,
  added-at = {2013-12-01T14:30:41.000+0100},
  author = {Kloos, K. H.},
  biburl = {http://www.bibsonomy.org/bibtex/2dc25f2fd8021f13cbed2a1cbb1750128/benjamin.ternes},
  interhash = {404e64e6b7fea236c7513a7d71655a47},
  intrahash = {dc25f2fd8021f13cbed2a1cbb1750128},
  keywords = {Beschichtungsverfahren Werkstoffe},
  publisher = {Lehrdruckerei der TH Darmstadt},
  timestamp = {2013-12-01T14:30:41.000+0100},
  title = {Verschleiß- und Korrosionsschutz durch ionen- und plasmagestützte Vakuumbeschichtungstechnologien},
  year = 1983
}

@mastersthesis{kadinski1996mathematische,
  added-at = {2013-12-01T14:26:13.000+0100},
  author = {Kadinski, Lev},
  biburl = {http://www.bibsonomy.org/bibtex/2cfd2e660bbc8d7392094d4e460ce07f0/benjamin.ternes},
  interhash = {1a889765cb035689b3d67e7cfc99d6f9},
  intrahash = {cfd2e660bbc8d7392094d4e460ce07f0},
  keywords = {Beschichtungsverfahren Werkstoffe},
  school = {Universität Erlangen-Nürnberg},
  timestamp = {2013-12-01T14:26:13.000+0100},
  title = {Mathematische Modellierung und numerische Simulation von CVD-Prozessen in der Halbleitertechnik},
  type = {Dissertation},
  year = 1996
}

@mastersthesis{krebs2011konturgenaue,
  added-at = {2013-12-01T14:23:24.000+0100},
  author = {Krebs, Benjamin},
  biburl = {http://www.bibsonomy.org/bibtex/27f49e16fca71d1022686e4a06fc1841f/benjamin.ternes},
  editor = {Tillmann, Wolfgang},
  interhash = {2587008b6e244bdde057d938d73b86d1},
  intrahash = {7f49e16fca71d1022686e4a06fc1841f},
  keywords = {Beschichtungsverfahren Werkstoffe},
  school = {TU Dortmund},
  timestamp = {2013-12-01T14:23:24.000+0100},
  title = {Konturgenaue Bauteilbeschichtung für den Verschleißschutz mittels Atmosphärischen Plasmaspritzens und Lichtbogenspritzens},
  type = {Dissertation},
  year = 2011
}

@mastersthesis{Maria2005,
  added-at = {2013-12-01T14:18:21.000+0100},
  author = {del Camen Parco Camacaro, Maria},
  biburl = {http://www.bibsonomy.org/bibtex/273eef0c63220ea1c98e1186c1a55d594/benjamin.ternes},
  interhash = {64e7d8bfbda3cdce2ee3918e7876facb},
  intrahash = {73eef0c63220ea1c98e1186c1a55d594},
  keywords = {Beschichtungsverfahren Werkstoffe},
  school = {RWTH Aachen university},
  timestamp = {2013-12-01T14:18:21.000+0100},
  title = {Thermische Beschichtung von Leichtbaulegierungen aus Magnesium zum Verschleiß und Korrosionsschutz},
  type = {Dissertation},
  year = 2005
}

@mastersthesis{kuehl2008,
  added-at = {2013-12-01T14:14:48.000+0100},
  author = {Kühl, Hannes},
  biburl = {http://www.bibsonomy.org/bibtex/293d4307e6cd772a3c9aa904bc6ffc89a/benjamin.ternes},
  interhash = {31157cbfb2b9121e9a022e19429cbd2d},
  intrahash = {93d4307e6cd772a3c9aa904bc6ffc89a},
  keywords = {Beschichtungsverfahren Werkstoffe},
  school = {Universität Erlangen-Nürnberg},
  timestamp = {2013-12-01T14:14:48.000+0100},
  title = {Elektrochemische Korrosion von Dickschicht-Widerstandsheizern auf $Al_{2}O_{3}$-Substraten bei hohen Einsatztemperaturen},
  type = {Dissertation},
  year = 2007
}

@book{bergmann2009werkstofftechnik,
  added-at = {2013-11-20T17:04:19.000+0100},
  address = {München},
  author = {Bergmann, Wolfgang},
  biburl = {http://www.bibsonomy.org/bibtex/219d89f04475abc89b5144fc7f8988494/benjamin.ternes},
  interhash = {062bd4f9eec45f3bca20bc1ca27c5b97},
  intrahash = {19d89f04475abc89b5144fc7f8988494},
  keywords = {beschichtungsverfahren},
  publisher = {Hanser},
  timestamp = {2013-11-20T17:04:19.000+0100},
  title = {Werkstofftechnik 2},
  year = 2009
}

@book{stelzer1983,
  added-at = {2013-11-20T16:09:36.000+0100},
  address = {Düsseldorf},
  author = {Stelzer, Reiner and Deutscher, Oswald},
  biburl = {http://www.bibsonomy.org/bibtex/2c07e382545f5833e0fca00a88d06deee/benjamin.ternes},
  interhash = {4c50d51f90081b681b8e0ebf22fe8fa0},
  intrahash = {c07e382545f5833e0fca00a88d06deee},
  keywords = {beschichtungsverfahren},
  publisher = {VDI-Verlag},
  timestamp = {2013-11-20T16:09:36.000+0100},
  title = {Verschleissschutz von Stahl},
  year = 1983
}

@book{schwab2011werkstoffkunde,
  added-at = {2013-11-20T15:58:50.000+0100},
  address = {Weinheim},
  author = {Schwab, Rainer},
  biburl = {http://www.bibsonomy.org/bibtex/278bb4ab33fe256c6727c048dafccdf1f/benjamin.ternes},
  interhash = {fd0979546c696937101a8f301f768d20},
  intrahash = {78bb4ab33fe256c6727c048dafccdf1f},
  keywords = {beschichtungsverfahren},
  publisher = {Wiley-VCH},
  timestamp = {2013-11-20T15:58:50.000+0100},
  title = {Werkstoffkunde und Werkstoffprüfung für Dummies},
  year = 2011
}

@book{gobrecht2009werkstofftechnik,
  added-at = {2013-11-20T15:58:29.000+0100},
  address = {München},
  author = {Gobrecht, Jürgen},
  biburl = {http://www.bibsonomy.org/bibtex/2ce0562575e00c0b2bbebb1cbc5100b06/benjamin.ternes},
  interhash = {d43320686b9198353cb69b4b097a486d},
  intrahash = {ce0562575e00c0b2bbebb1cbc5100b06},
  keywords = {beschichtungsverfahren},
  publisher = {Oldenbourg, R},
  timestamp = {2013-11-20T15:58:29.000+0100},
  title = {Werkstofftechnik - Metalle},
  year = 2009
}

@book{bobzin2013oberflchentechnik,
  added-at = {2013-11-20T15:58:11.000+0100},
  address = {Weinheim},
  author = {Bobzin, Kirsten},
  biburl = {http://www.bibsonomy.org/bibtex/277d031cffaa6c530c3e2a4b40231e88a/benjamin.ternes},
  interhash = {57e4bd45aa1d57dfa7cce5e915a24156},
  intrahash = {77d031cffaa6c530c3e2a4b40231e88a},
  keywords = {beschichtungsverfahren},
  publisher = {Wiley-VCH},
  refid = {844450770},
  timestamp = {2013-11-20T15:58:11.000+0100},
  title = {Oberflächentechnik für den Maschinenbau},
  year = 2013
}

@book{hofmann2010verfahren,
  added-at = {2013-11-20T15:57:48.000+0100},
  address = {München; Wien},
  author = {Hofmann, Hansgeorg and Spindler, Jürgen},
  biburl = {http://www.bibsonomy.org/bibtex/2b0071ab792e9ac1085f704547004f422/benjamin.ternes},
  interhash = {ba1ec6a2d37012f3bd542fa9666d56d9},
  intrahash = {b0071ab792e9ac1085f704547004f422},
  keywords = {beschichtungsverfahren},
  publisher = {Fachbuchverl. Leipzig im Carl-Hanser-Verl.},
  timestamp = {2013-11-20T15:57:48.000+0100},
  title = {Verfahren in der Beschichtungs- und Oberflächentechnik Grundlagen - Vorbehandlung - Oberflächenreaktionen - Schichtabscheidung - Strukturierung - Prüfung ; mit 94 Tabellen und zahlreichen Beispielen},
  year = 2010
}

@book{behrens2010werkstoffe,
  added-at = {2013-11-20T15:57:17.000+0100},
  address = {Renningen},
  author = {Behrens, Volker and Schroeder, Karl H.},
  biburl = {http://www.bibsonomy.org/bibtex/25f8f103bdd76bf199b1376d341f2040c/benjamin.ternes},
  interhash = {5b1fcdf9b4e738ae05d1cfb9381ccbaa},
  intrahash = {5f8f103bdd76bf199b1376d341f2040c},
  keywords = {beschichtungsverfahren},
  publisher = {Expert-Verlag, Fachverlag für Wirtschaft und Technik},
  timestamp = {2013-11-20T15:57:17.000+0100},
  title = {Werkstoffe für elektrische Kontakte und ihre Anwendungen : Fertigungsverfahren, Eigenschaften, Verbindungstechniken, Prüfverfahren},
  year = 2010
}

@book{fischer2003werkstoffe,
  added-at = {2013-11-20T15:56:42.000+0100},
  address = {München; Wien},
  author = {Fischer, Hans and Hofmann, Hansgeorg and Spindler, Jürgen},
  biburl = {http://www.bibsonomy.org/bibtex/2e52bd228088330549de82183e1cadd5d/benjamin.ternes},
  interhash = {69700898610d08a9b5f9020c4fc2095a},
  intrahash = {e52bd228088330549de82183e1cadd5d},
  keywords = {beschichtungsverfahren},
  publisher = {Hanser},
  refid = {314337846},
  timestamp = {2013-11-20T15:56:42.000+0100},
  title = {Werkstoffe in der Elektrotechnik},
  year = 2003
}

@book{iverstiffee2007werkstoffe,
  added-at = {2013-11-20T15:55:33.000+0100},
  address = {Wiesbaden},
  author = {Ivers-Tiffée, Ellen and Münch, Waldemar},
  biburl = {http://www.bibsonomy.org/bibtex/2885f9d410c736fde65d474b9e61dcab8/benjamin.ternes},
  interhash = {fb4bfffcec498d54b91a885fcb00505f},
  intrahash = {885f9d410c736fde65d474b9e61dcab8},
  keywords = {beschichtungsverfahren},
  publisher = {B.G. Teubner Verlag / GWV Fachverlage GmbH, Wiesbaden},
  timestamp = {2013-11-20T15:55:33.000+0100},
  title = {Werkstoffe der Elektrotechnik},
  year = 2007
}

@book{hofmann2013werkstoffe,
  added-at = {2013-11-20T15:55:07.000+0100},
  address = {München},
  author = {Hofmann, Hansgeorg and Spindler, Jürgen and Fischer, Hans},
  biburl = {http://www.bibsonomy.org/bibtex/2095d8e49be0d12d3fa3a90b3b99fc74d/benjamin.ternes},
  interhash = {7e953b45be428ce8cdb3fdbd01c4cf19},
  intrahash = {095d8e49be0d12d3fa3a90b3b99fc74d},
  keywords = {beschichtungsverfahren},
  publisher = {Hanser},
  timestamp = {2013-11-20T15:55:07.000+0100},
  title = {Werkstoffe in der Elektrotechnik : Grundlagen - Struktur - Eigenschaften - Prüfung - Anwendung - Technologie; mit 91 Tabellen sowie zahlreichen Beispielen, Ubungen und Testaufgaben},
  year = 2013
}

@book{fischer2007werkstoffe,
  added-at = {2013-11-20T15:52:21.000+0100},
  address = {München},
  author = {Fischer, Hans and Hofmann, Hansgeorg and Spindler, Jürgen},
  biburl = {http://www.bibsonomy.org/bibtex/2303f890305f5f1bfe0b6a6eb5c6b0593/benjamin.ternes},
  interhash = {59f0f176c0dfda00427c257f9b1bf7c8},
  intrahash = {303f890305f5f1bfe0b6a6eb5c6b0593},
  keywords = {Beschichtungsverfahren},
  publisher = {Hanser},
  timestamp = {2013-11-20T15:52:21.000+0100},
  title = {Werkstoffe in der Elektrotechnik : Grundlagen, Aufbau, Eigenschaften, Prüfung, Anwendung, Technologie : mit 75 Tabellen sowie zahlreichen Beispielen, Ubungen und Testaufgaben},
  year = 2007
}

@book{bach2005moderne,
  added-at = {2013-11-20T15:50:56.000+0100},
  address = {Weinheim},
  author = {Bach, Fr.-W and Möhwald, K. and Laarmann, A. and Wenz, T.},
  biburl = {http://www.bibsonomy.org/bibtex/22f4b7a378f09d70fb24c832dfdde7a5f/benjamin.ternes},
  interhash = {bccb7b61bbfa1d9270ce30865fbf4701},
  intrahash = {2f4b7a378f09d70fb24c832dfdde7a5f},
  keywords = {Beschichtungsverfahren Werkstoffe},
  publisher = {Wiley-VCH},
  timestamp = {2013-11-20T15:50:56.000+0100},
  title = {Moderne Beschichtungsverfahren},
  year = 2005
}

@book{pulker1985verschleissschutzschichten,
  added-at = {2013-11-20T15:59:35.000+0100},
  author = {Pulker, Hans K.},
  biburl = {http://www.bibsonomy.org/bibtex/21b9363ae5e041a640441b23b1bf02175/benjamin.ternes},
  interhash = {65a6c71c75e5ffe6e4d746b21ca60a0e},
  intrahash = {1b9363ae5e041a640441b23b1bf02175},
  keywords = {CVD/PVD Werkstoffe},
  publisher = {Expert Verlag},
  timestamp = {2013-11-20T15:59:35.000+0100},
  title = {Verschleiss-Schutzschichten unter Anwendung der CVD/PVD-Verfahren},
  year = 1985
}


